
@article{soliman2019,
  title={Effects of vertical accuracy of digital elevation model (DEM) data on automatic lineaments extraction from shaded DEM},
  author={Soliman, Ayman and Han, Ling},
  journal={Advances in space research},
  volume={64},
  number={3},
  pages={603--622},
  year={2019},
  publisher={Elsevier}
}

@article{aristizabal2007inventario,
  title={Inventario de emergencias y desastres en el Valle de Aburr{\'a}. Originados por fen{\'o}menos naturales y antr{\'o}picos en el per{\'\i}odo 1880-2007},
  author={Aristiz{\'a}bal, Edier and G{\'o}mez, Julieta},
  journal={Gesti{\'o}n y ambiente},
  volume={10},
  number={2},
  pages={17--30},
  year={2007}
}

@article{aristizabal2006geomorfologia,
  title={Geomorfolog{\'\i}a aplicada a la ocurrencia de deslizamientos en el Valle de Aburr{\'a}},
  author={Aristiz{\'a}bal, Edier and Yokota, Shuichiro},
  journal={Dyna},
  volume={73},
  number={149},
  pages={5--16},
  year={2006},
  publisher={2006, Revista DYNA}
}

@article{poveda2004hidroclimatologia,
  title={La hidroclimatolog{\'\i}a de Colombia: una s{\'\i}ntesis desde la escala inter-decadal hasta la escala diurna},
  author={Poveda, Germ{\'a}n},
  year={2004},
  publisher={Academia Colombiana de Ciencias Exactas, F{\'\i}sicas y Naturales}
}

@article{cediel2003tectonic,
  title={Tectonic assembly of the northern Andean block},
  author={Cediel, Fabio and Shaw, Robert P and Cceres, Carlos},
  year={2003},
  publisher={AAPG Special Volumes}
}

@article{aristizabal2020spatial,
  title={Spatial and temporal patterns and the socioeconomic impacts of landslides in the tropical and mountainous Colombian Andes},
  author={Aristiz{\'a}bal, Edier and S{\'a}nchez, Oscar},
  journal={Disasters},
  volume={44},
  number={3},
  pages={596--618},
  year={2020},
  publisher={Wiley Online Library}
}

@article{taboada2000geodynamics,
  title={Geodynamics of the northern Andes: Subductions and intracontinental deformation (Colombia)},
  author={Taboada, Alfredo and Rivera, Luis A and Fuenzalida, Andr{\'e}s and Cisternas, Armando and Philip, Herv{\'e} and Bijwaard, Harmen and Olaya, Jos{\'e} and Rivera, Clara},
  journal={Tectonics},
  volume={19},
  number={5},
  pages={787--813},
  year={2000},
  publisher={Wiley Online Library}
}

@article{vasquez2010magmatic,
  title={Magmatic evolution of the Andean Eastern Cordillera of Colombia during the Cretaceous: Influence of previous tectonic processes},
  author={V{\'a}squez, M{\'o}nica and Altenberger, Uwe and Romer, Rolf L and Sudo, Masafumi and Moreno-Murillo, Juan Manuel},
  journal={Journal of South American Earth Sciences},
  volume={29},
  number={2},
  pages={171--186},
  year={2010},
  publisher={Elsevier}
}

@article{ortiz2012exposure,
  title={Exposure of the Colombian Caribbean coast, including San Andr{\'e}s Island, to tropical storms and hurricanes, 1900--2010},
  author={Ortiz Royero, Juan Carlos},
  journal={Natural Hazards},
  volume={61},
  number={2},
  pages={815--827},
  year={2012},
  publisher={Springer}
}

@article{otero2014tsunami,
  title={Tsunami hazard assessment in the southern Colombian Pacific basin and a proposal to regenerate a previous barrier island as protection},
  author={Otero, LJ and Restrepo, JC and Gonzalez, M},
  journal={Natural Hazards and Earth System Sciences},
  volume={14},
  number={5},
  pages={1155--1168},
  year={2014},
  publisher={Copernicus Publications G{\"o}ttingen, Germany}
}

@article{duarte2017identificacion,
  title={Identificaci{\'o}n de los m{\'a}ximos eventos de inundaci{\'o}n marina Miocenos y su uso en la correlaci{\'o}n y an{\'a}lisis de la cuenca de antepa{\'\i}s de los Llanos Orientales, Colombia},
  author={Duarte, Edward and Bayona, German and Jaramillo, Carlos and Parra, Mauricio and Romero, Ingrid and Mora, Josu{\'e} Alejandro},
  journal={Bolet{\'\i}n de Geolog{\'\i}a},
  volume={39},
  number={1},
  pages={19--40},
  year={2017},
  publisher={Universidad Industrial de Santander}
}

@book{hermelin2005desastres,
  title={Desastres de origen natural en Colombia, 1979-2004},
  author={Hermel{\'\i}n, Michel},
  year={2005},
  publisher={Universidad Eafit}
}

@inbook{garcia20055,
  author  = {Garc{\'\i}a, Carolina},
  title   = {Desastres de origen natural en Colombia, 1979-2004},
  chapter = {5. El deslizamiento de Villatina, Medellín, 1987},
  pages   = {249},
  year    = {2005},
  publisher = {Hermel{\'\i}n, Michel},
  address   = {Universidad Eafit},
}

@article{garcia2019dynamic,
  title={Dynamic and geomorphic characterizations of the Mocoa debris flow (March 31, 2017, Putumayo Department, southern Colombia)},
  author={Garc{\'\i}a-Delgado, Helbert and Machuca, Silvia and Medina, Enif},
  journal={Landslides},
  volume={16},
  number={3},
  pages={597--609},
  year={2019},
  publisher={Springer}
}

@article{gomez2023spatial,
  title={Spatial and temporal landslide distributions using global and open landslide databases},
  author={G{\'o}mez, Derly and Garc{\'\i}a, Edwin F and Aristiz{\'a}bal, Edier},
  journal={Natural Hazards},
  volume={117},
  number={1},
  pages={25--55},
  year={2023},
  publisher={Springer}
}

@article{marulanda2010revealing,
  title={Revealing the socioeconomic impact of small disasters in Colombia using the DesInventar database},
  author={Marulanda, Mabel C and Cardona, Omar D and Barbat, Alex H},
  journal={Disasters},
  volume={34},
  number={2},
  pages={552--570},
  year={2010},
  publisher={Wiley Online Library}
}

@article{polanco2005compilacion,
  title={Compilaci{\'o}n y an{\'a}lisis de los desastres naturales reportados en el departamento de Antioquia, exceptuando los municipios del Valle de Aburr{\'a}-Colombia, entre 1920-1999},
  author={Polanco, Camilo and Sanmiguel, Geovany Bedoya and others},
  journal={Ingenieria y ciencia},
  volume={1},
  number={1},
  pages={45--65},
  year={2005}
}

@article{saldarriaga2003compilacion,
  title={Inventario y Sistematizaci ́on de los desastres naturales reportadosen el Valle de Aburr ́a, departamento de Antioquia, entre los anos de 1900 y 2002},
  author={Saldarriaga, Ricardo},
  journal={Tesis de grado - EAFIT},
  volume={1},
  number={1},
  pages={1--121},
  year={2003}
}

@article{guha2002quality,
  title={The quality and accuracy of disaster data: A comparative analyse of 3 global data sets},
  author={Guha-Sapir, Debarati and Below, Regina},
  journal={CRED Work. Pap},
  pages={1--18},
  year={2002}
}

@article{arango2021morphometrical,
  title={Morphometrical analysis of torrential flows-prone catchments in tropical and mountainous terrain of the Colombian Andes by machine learning techniques},
  author={Arango, Mar{\'\i}a Isabel and Aristiz{\'a}bal, Edier and G{\'o}mez, Federico},
  journal={Natural Hazards},
  volume={105},
  number={1},
  pages={983--1012},
  year={2021},
  publisher={Springer}
}

@article{aristizabal2020definicion,
  title={Definici{\'o}n y clasificaci{\'o}n de las avenidas torrenciales y su impacto en los Andes colombianos},
  author={Aristiz{\'a}bal, Edier and Arango Carmona, Mar{\'\i}a Isabel and Garc{\'\i}a L{\'o}pez, Ingrid Kattherine},
  journal={Cuadernos de Geograf{\'\i}a: Revista Colombiana de Geograf{\'\i}a},
  volume={29},
  number={1},
  pages={242--258},
  year={2020},
  publisher={Facultad de Ciencias Humanas de la Universidad Nacional de Colombia}
}